<?xml version="1.0" encoding="UTF-8"?><record xmlns="http://www.loc.gov/MARC21/slim" xmlns:cinclude="http://apache.org/cocoon/include/1.0" xmlns:zs="http://www.loc.gov/zing/srw/">
  <leader>00444nz  a2200145n  4500</leader>
  <controlfield tag="001">no2005090475</controlfield>
  <controlfield tag="003">DLC</controlfield>
  <controlfield tag="005">20050929061012.0</controlfield>
  <controlfield tag="008">050928n| acannaabn          |a aaa     c</controlfield>
  <datafield tag="010" ind1=" " ind2=" ">
    <subfield code="a">no2005090475</subfield>
  </datafield>
  <datafield tag="035" ind1=" " ind2=" ">
    <subfield code="a">(OCoLC)oca06745010</subfield>
  </datafield>
  <datafield tag="040" ind1=" " ind2=" ">
    <subfield code="a">MXMxUNAM</subfield>
    <subfield code="b">eng</subfield>
    <subfield code="c">MXMxUNAM</subfield>
  </datafield>
  <datafield tag="100" ind1="1" ind2=" ">
    <subfield code="a">García Juárez, Marco Antonio</subfield>
  </datafield>
  <datafield tag="400" ind1="1" ind2=" ">
    <subfield code="a">Juárez, Marco Antonio García</subfield>
  </datafield>
  <datafield tag="670" ind1=" " ind2=" ">
    <subfield code="a">Geometría y trigonometría, 2005:</subfield>
    <subfield code="b">t.p. (Marco Antonio García Juárez)</subfield>
  </datafield>
</record>